<?xml version="1.0" encoding="UTF-8"?><collection xmlns="http://www.loc.gov/MARC21/slim"><record><leader>00487nam--2200157-i-4500</leader><controlfield tag="001">000018020</controlfield><controlfield tag="002">20161230</controlfield><controlfield tag="005">20170211161350</controlfield><controlfield tag="008">060222s1000------------r-----000-0-eng-d</controlfield><datafield ind1=" " ind2=" " tag="080"><subfield code="a">62.52</subfield></datafield><datafield ind1=" " ind2=" " tag="245"><subfield code="a">Elektronische und magnetische steuerungen und regelungen in der antriebstechnik. Zweite verbesserte auflage</subfield></datafield><datafield ind1=" " ind2=" " tag="260"><subfield code="a">Wuppertal U.Berlin</subfield><subfield code="b">V.D.E.Verlag</subfield><subfield code="c">1955</subfield></datafield><datafield ind1=" " ind2=" " tag="300"><subfield code="a">124 p</subfield></datafield><datafield ind1=" " ind2=" " tag="710"><subfield code="a">Wissenschaftlichen Ausschuss Des V.D.E</subfield></datafield><datafield ind1=" " ind2=" " tag="852"><subfield code="a">12933</subfield></datafield><datafield ind1=" " ind2=" " tag="CAT"><subfield code="a">SYS</subfield><subfield code="c">20170211</subfield><subfield code="h">161350</subfield></datafield></record></collection>